<record><leader>00000cas a22000007a 4500</leader><controlfield tag="001">9694054</controlfield><controlfield tag="008">830712c19829999ksudn ne      0   a0eng d</controlfield><datafield ind1=" " ind2=" " tag="010"><subfield code="a">sn 83040406 </subfield></datafield><datafield ind1=" " ind2=" " tag="040"><subfield code="a">KSH</subfield><subfield code="b">eng</subfield><subfield code="c">KSH</subfield><subfield code="d">NPT</subfield><subfield code="d">NSD</subfield><subfield code="d">OCLCQ</subfield></datafield><datafield ind1=" " ind2=" " tag="012"><subfield code="l">1</subfield><subfield code="m">1</subfield></datafield><datafield ind1="1" ind2=" " tag="022"><subfield code="a">8755-3171</subfield><subfield code="l">8755-3171</subfield><subfield code="2">1</subfield></datafield><datafield ind1="1" ind2=" " tag="029"><subfield code="a">AU@</subfield><subfield code="b">000025796108</subfield></datafield><datafield ind1=" " ind2=" " tag="032"><subfield code="a">206040</subfield><subfield code="b">USPS</subfield></datafield><datafield ind1=" " ind2=" " tag="037"><subfield code="b">The Tribune, 6 E. Wall St., Fort Scott, KS 66701</subfield></datafield><datafield ind1=" " ind2=" " tag="042"><subfield code="a">msc</subfield><subfield code="a">nsdp</subfield></datafield><datafield ind1=" " ind2=" " tag="043"><subfield code="a">n-us-ks</subfield></datafield><datafield ind1=" " ind2="4" tag="222"><subfield code="a">The Fort Scott tribune</subfield></datafield><datafield ind1="0" ind2="4" tag="245"><subfield code="a">The Fort Scott tribune.</subfield></datafield><datafield ind1="1" ind2="3" tag="246"><subfield code="a">Tribune</subfield></datafield><datafield ind1=" " ind2=" " tag="260"><subfield code="a">Fort Scott, Kan. :</subfield><subfield code="b">Frank E. &amp; Sara Marble Emery,</subfield><subfield code="c">1982-</subfield></datafield><datafield ind1=" " ind2=" " tag="310"><subfield code="a">Daily (except Sunda &amp; holidays)</subfield><subfield code="b">&lt;, Oct. 8, 1984-&gt;</subfield></datafield><datafield ind1=" " ind2=" " tag="321"><subfield code="a">Daily (except Sunday)</subfield></datafield><datafield ind1="0" ind2=" " tag="362"><subfield code="a">97th year, no. 127 (May 3, 1982)-</subfield></datafield><datafield ind1=" " ind2=" " tag="500"><subfield code="a">Editor: Tom Eblen.</subfield></datafield><datafield ind1="1" ind2=" " tag="700"><subfield code="a">Eblen, Tom.</subfield></datafield><datafield ind1=" " ind2=" " tag="752"><subfield code="a">United States</subfield><subfield code="b">Kansas</subfield><subfield code="c">Bourbon</subfield><subfield code="d">Fort Scott.</subfield></datafield><datafield ind1="0" ind2="0" tag="780"><subfield code="t">Fort Scott daily tribune and Fort Scott daily monitor</subfield><subfield code="w">(DLC)sn 83040419</subfield></datafield><datafield ind1=" " ind2=" " tag="936"><subfield code="a">Unknown</subfield><subfield code="a">Oct. 8, 1984 (surrogate)</subfield></datafield></record>